% Encoding: UTF-8

@book{Knuth1998,
 author = {Knuth, Donald E.},
 title = {The art of computer programming,  volume 3: (2nd ed.) sorting and searching},
 year = {1998},
 publisher = {Addison Wesley Longman Publishing Co., Inc.},
 address = {Redwood City, CA, USA}
}

@book{Pollefliet2011,
  author = {Pollefliet, Leen},
  title = {Schrijven van verslag tot eindwerk: do's en don'ts},
  year = {2011},
  publisher = {Academia Press},
  address = {Gent}
}

@article{Creeger2009,
  author = {Creeger, Mache},
  journal = {Communications of the ACM},
  number = {8},
  pages = {50--56},
  title = {{CTO Roundtable: Cloud Computing}},
  volume = {52},
  year = {2009}
}

@Article{IBM,
  author  = {{IBM}},
  title   = {z/OS concepts},
  url     = {https://www.ibm.com/docs/en/zosbasics/com.ibm.zos.zconcepts/zconcepts_book.pdf},
  urldate = {2024-04-26},
}

@Article{IBM2024,
  author  = {{IBM}},
  date    = {2024-03-27},
  title   = {What's new in IBM Developer for z/OS and Developer for z/OS Enterprise Edition},
  url     = {https://www.ibm.com/docs/en/developer-for-zos/16.0?topic=zos-whats-new-in-developer},
  urldate = {2024-05-02},
}

@Article{IBM2024a,
  author  = {{IBM}},
  date    = {2024-03-15},
  title   = {Unit testing Enterprise COBOL and PL/I applications},
  url     = {https://www.ibm.com/docs/en/developer-for-zos/16.0?topic=eclipse-unit-testing-enterprise-cobol-pli-applications},
  urldate = {2024-05-02},
}

@Article{IBM2023,
  author  = {{IBM}},
  date    = {2023-06-28},
  title   = {Introduction to SDSF},
  url     = {https://www.ibm.com/docs/en/zos/2.5.0?topic=guide-introduction-sdsf},
  urldate = {2024-05-02},
}

@Article{Rupp2022,
  author  = {Martin Rupp},
  date    = {2022-09-10},
  title   = {AN INTRODUCTION TO Z/OS AND THE IBM COMMON CRYPTOGRAPHIC ARCHITECTURE},
  url     = {https://www.cryptomathic.com/news-events/blog/payment-banking-an-introduction-to-z/os-and-the-ibm-common-cryptographic-architecture},
  urldate = {2024-05-02},
}

@Article{Turner2022,
  author  = {Dawn Turner},
  date    = {2022-01-10},
  title   = {PAYMENT & BANKING CRYPTOGRAPHY: THE BENEFITS OF Z/OS & THE Z PLATFORM},
  url     = {https://www.cryptomathic.com/news-events/blog/payment-banking-cryptography-an-overview-of-the-benefits-of-z/os-and-the-z-platform},
  urldate = {2024-05-02},
}

@Article{IBMa,
  author  = {{IBM}},
  title   = {Resilient server solutions with IBM Z},
  url     = {https://www.ibm.com/z/resiliency},
  urldate = {2024-05-02},
}

@Comment{jabref-meta: databaseType:biblatex;}
