% Encoding: UTF-8

@Article{Mertic2020,
  author  = {John Mertic},
  date    = {2020-09-14},
  title   = {Getting Jiggy With It: How a Linux Anniversary Led to the Creation of the Open Mainframe Project},
  url     = {https://newsroom.ibm.com/How-a-Linux-Anniversary-Led-to-the-Creation-of-the-Open-Mainframe-Project},
  urldate = {2023-12-12},
}

@Article{Wagle2017,
  author  = {Likhit Wagle},
  date    = {2017-09-01},
  title   = {The modern mainframe},
  url     = {https://www.ibm.com/thought-leadership/institute-business-value/en-us/report/modernmainframe},
  urldate = {2023-12-12},
  file    = {:C\:/Users/Gebruiker/Documents/GitHub/latex-hogent-bachproef/Bronnen/IBV - The modern mainframe_ A banking platform from the future.pdf:PDF},
}

@Comment{jabref-meta: databaseType:biblatex;}
